% generated by bibtexbrowser <http://www.monperrus.net/martin/bibtexbrowser/>
% 
% Encoding: UTF-8
@InProceedings{usenko19nfr,
  author = "V. Usenko and N. Demmel and D. Schubert and J. Stueckler and D. Cremers",
  title = "Visual-Inertial Mapping with Non-Linear Factor Recovery",
  eprint = {1904.06504},
  eprinttype = {arXiv},
  eprintclass = {cs.CV},
  booktitle={arXiv:1904.06504},
  year = "2019",
  keywords = nfr
}
